% -----------------------------------------------------------------------
% File: EEG-GAN.bib
% -----------------------------------------------------------------------


@inproceedings{dataset1,
author = {Bird, Jordan and Ekart, Aniko and Buckingham, Christopher and Faria, Diego},
year = {2019},
month = {04},
pages = {},
title = {Mental Emotional Sentiment Classification with an EEG-based Brain-machine Interface}
}

@inproceedings{dataset2,
author = {Bird, Jordan and Faria, Diego and Manso, Luis and Ek√°rt, A. and Buckingham, Christopher},
year = {2019},
month = {08},
pages = {},
title = {A Deep Evolutionary Approach to Bioinspired Classifier Optimisation for Brain-Machine Interaction}
}

@article{originalpaper,
    author = {Williams, C. C, Weinhardt, D., Wirzberger, M., & Musslick, S},
    title = {Augmenting EEG with Generative Adversarial Networks Enhances Brain Decoding Across Classifiers and Sample Sizes},
    journal = {Proceedings of the Annual Meeting of the Cognitive Science Society},
    volume = 45,
    url = {https://escholarship.org/uc/item/9gz8g908},
    year = {2023}
}

@techreport{ourdataset,
    author = {Jordan J. Bird},
    title = {EEG Brainwave Dataset: Feeling Emotions},
    year = {2019},
    url = {https://www.kaggle.com/datasets/birdy654 
           /eeg-brainwave-dataset-feeling-emotions}
}

@article{originaldataset,
  title    = "The {ERP}, frequency, and time-frequency correlates of feedback
              processing: Insights from a large sample study",
  author   = "Williams, Chad C and Ferguson, Thomas D and Hassall, Cameron D
              and Abimbola, Wande and Krigolson, Olave E",
  journal  = "Psychophysiology",
  volume   =  58,
  number   =  2,
  pages    = "e13722",
  month    =  nov,
  year     =  2020,
  address  = "United States",
  keywords = "EEG; ERPs; cognitive control; error processing; learning;
              oscillation/time frequency analyses",
  language = "en"
}

@article{gan,
    author = {Goodfellow, Ian J. and Pouget-Abadie, Jean and Mirza, Mehdi and Xu, Bing and Warde-Farley, David and Ozair, Sherjil and Courville, Aaron and Bengio, Yoshua},
    title = {Generative Adversarial Networks},
    journal = {arXiv e-prints},
    year = 2014,
    month = jun,
}


% -----------------------------------------------------------------------
% Document End
% -----------------------------------------------------------------------
